@article{luukkonen2011modelling,
  title={Modelling and control of quadcopter},
  author={Luukkonen, Teppo},
  journal={Independent research project in applied mathematics, Espoo},
  volume={22},
  pages={22},
  year={2011}
}

@article{murphy2016modular,
  title={A modular virtual laboratory for quadrotor control simulation},
  author={Murphy, Michael D},
  journal={IFAC-PapersOnLine},
  volume={49},
  number={6},
  pages={93--98},
  year={2016},
  publisher={Elsevier}
}