
@article{luukkonen2011modelling,
  title={Modelling and control of quadcopter},
  author={Luukkonen, Teppo},
  journal={Independent research project in applied mathematics, Espoo},
  volume={22},
  pages={22},
  year={2011}
}

@article{murphy2016modular,
  title={A modular virtual laboratory for quadrotor control simulation},
  author={Murphy, Michael D},
  journal={IFAC-PapersOnLine},
  volume={49},
  number={6},
  pages={93--98},
  year={2016},
  publisher={Elsevier}
}

@article{beard2008quadrotor,
  title={Quadrotor dynamics and control rev 0.1},
  author={Beard, Randal},
  year={2008}
}

@phdthesis{nakano2013quad,
  title={Quad-Rotor Dynamical Model with Euler-Lagrange Approach},
  author={Nakano, Satoshi},
  year={2013},
  school={Tokyo Institute of Technology Tokyo}
}

@inproceedings{fresk2013full,
  title={Full quaternion based attitude control for a quadrotor},
  author={Fresk, Emil and Nikolakopoulos, George},
  booktitle={2013 European control conference (ECC)},
  pages={3864--3869},
  year={2013},
  organization={IEEE}
}

@article{gibiansky2012andrew,
  title={Andrew Gibiansky:: Mathâ†’[Code]},
  author={Gibiansky, Andrew},
  journal={Quadcopter Dynamics and Simulation. Andrew Gibiansky},
  volume={23},
  year={2012}
}